@Book{dsp,
  title={Discrete Fourier analysis and wavelets: applications to signal and image processing},
  author={Broughton, S Allen and Bryan, Kurt M},
  year={2011},
  publisher={John Wiley \& Sons}
}

@book{muller,
  title={Fundamentals of Music Processing: Audio, Analysis, Algorithms, Applications},
  author={M{\"u}ller, Meinard},
  year={2015},
  publisher={Springer}
}

@phdthesis{harte,
  title={Towards automatic extraction of harmony information from music signals},
  author={Harte, Christopher},
  school={Queen Mary, University of London},
  year={2010}
}

@article{musimathics,
  title={Musimathics (Vol. 1)},
  author={Loy, Gareth},
  journal={Cambridge, MA: MITPress},
  year={2006}
}

@online{isophonics,
  title={Reference Annotations: The Beatles - Isophonics},
  author={Centre for Digital Music (C4DM) at Queen Mary, University of London},
  url={http://isophonics.net/content/reference-annotations-beatles},
  urldate={2017-11-06}
}

@Misc{librosa,
    author = {Librosa},
    title = {A python library for audio signal processing and music analysis.},
    howpublished = {\url{https://librosa.github.io/}},
    year = {2017}
}
